@inproceedings{qemuBellard05,
  author          = {Fabrice Bellard},
  title           = {QEMU, a fast and portable dynamic translator},
  booktitle       = {Proceedings of the annual conference on USENIX Annual Technical Conference ({ATEC}~'05)},
  pages           = {41},
  publisher       = {USENIX Association},
  address         = {CA, United States},
  month           = {April},
  year            = 2005
}